@book{AngristPischke2008,
  title={Mostly harmless econometrics: An empiricist's companion},
  author={Angrist, Joshua D and Pischke, J{\"o}rn-Steffen},
  year={2008},
  publisher={Princeton university press}
}


@book{AngristPischke2014,
  title={Mastering'metrics: The path from cause to effect},
  author={Angrist, Joshua D and Pischke, J{\"o}rn-Steffen},
  year={2014},
  publisher={Princeton University Press}
}



@book{BerkDemarzo2013,
author = {Berk, Jonathan and Demarzo, Peter},
file = {:D$\backslash$:/Dropbox/Artigos/Mendeley/Berk, Demarzo - 2013 - Corporate Finance - Unknown.pdf:pdf},
isbn = {6176713447},
mendeley-groups = {0 Books},
title = {{Corporate Finance}},
publisher={Pearson},
year = {2013}
}

@book{BodieKaneMarcus2013,
author = {Bodie, Zvi and Kane, Alex and Marcus, Alan},
file = {:D$\backslash$:/Dropbox/Artigos/Mendeley/Bodie, Kane, Marcus - 2013 - Investments - Unknown.pdf:pdf},
mendeley-groups = {0 Books},
title = {{Investments}},
publisher = {Mc Graw Hill},
year = {2013}
}


@article{BrighamEhrhardt2012,
  title={Administra{\c{c}}{\~a}o financeira: teoria e pr{\'a}tica},
  author={Ehrhardt, Michael C and Brigham, Eugene F},
  journal={S{\~a}o Paulo: Cengage Learning},
  year={2012}
}

@book{Brooks2019,
abstract = {the learning package.},
author = {Brooks, Chris},
doi = {10.1017/9781108524872},
file = {:D$\backslash$:/Dropbox/Artigos/Mendeley/Brooks - 2019 - Introductory Econometrics for Finance - Unknown(2).pdf:pdf},
isbn = {9781108524872},
mendeley-groups = {0 Books,00 Site Hard List},
month = {mar},
publisher = {Cambridge University Press},
title = {{Introductory Econometrics for Finance}},
url = {https://www.cambridge.org/core/product/identifier/9781108524872/type/book},
year = {2019}
}

@book{Wooldridge2019,
author = {Wooldridge, Jeffrey},
isbn = {1337558869},
publisher = {Cengage Learnng},
title = {{Introductory econometrics: a Modern approac}},
year = {2019}
}
